@inproceedings{lebre:hal-01273427,
  TITLE = {{Revising OpenStack to Operate Fog/Edge Computing infrastructures}},
  AUTHOR = {Lebre, Adrien and Pastor, Jonathan and Simonet, Anthony and Desprez, Fr{\'e}d{\'e}ric},
  URL = {https://hal.inria.fr/hal-01273427},
  BOOKTITLE = {{IEEE International Conference on Cloud Engineering}},
  ADDRESS = {Vancouver, Canada},
  YEAR = {2017},
  MONTH = Apr,
  PDF = {https://hal.inria.fr/hal-01273427/file/main_submitted.pdf},
  HAL_ID = {hal-01273427},
  HAL_VERSION = {v2},
}

@inproceedings{cybergis,
  TITLE = {{Publishing Platform for Geospatial Operations}},
  AUTHOR = {Keahey, Kate and Pastor, Jonathan and Chardet, Maverick.},
  URL = {http://cybergis.illinois.edu/events/cybergis16/home},
  BOOKTITLE = {{The Third International Conference on CyberGIS and Geospatial Data Science}},
  ADDRESS = {Urbana, United States of America},
  YEAR = {2016},
  MONTH = Aug,
}

@techreport{2015:09:lebre:hal-01203648,
  TITLE = {{The DISCOVERY Initiative - Overcoming Major Limitations of Traditional Server-Centric Clouds by Operating Massively Distributed IaaS Facilities}},
  AUTHOR = {L{\`e}bre, Adrien and Pastor, Jonathan and The DISCOVERY Consortium, .},
  URL = {https://hal.inria.fr/hal-01203648},
  TYPE = {Research Report},
  NUMBER = { RR-8779},
  PAGES = {12},
  INSTITUTION = {{Inria Rennes Bretagne Atlantique}},
  YEAR = {2015},
  MONTH = Sep,
  KEYWORDS = {Peer To Peer ;  Self-* ;  Sustainability ;  Efficiency ;  Future Internet.},
  PDF = {https://hal.inria.fr/hal-01203648/file/RR-8779.pdf},
  HAL_ID = {hal-01203648},
  HAL_VERSION = {v1},
}


@inproceedings{2015:08:lebre:hal-01159033,
  TITLE = {{VMPlaceS: A Generic Tool to Investigate and Compare VM Placement Algorithms}},
  AUTHOR = {Lebre, Adrien and Pastor, Jonathan and S{\"u}dholt, Mario},
  URL = {https://hal.inria.fr/hal-01159033},
  BOOKTITLE = {{Europar 2015}},
  ADDRESS = {Vienne, Austria},
  YEAR = {2015},
  MONTH = Aug,
  PDF = {https://hal.inria.fr/hal-01159033/file/main.pdf},
  HAL_ID = {hal-01159033},
  HAL_VERSION = {v1},
}

@inproceedings{2015:07:pastor:compas15,
  TITLE = {{Vers un gestionnaire IaaS massivement distribuée s’appuyant sur OpenStack}},
  AUTHOR = {Jonathan Pastor},
  BOOKTITLE = {{Conf{\'e}rence d’informatique en Parall{\'e}lisme, Architecture et Syst{\`e}me}},
  ADDRESS = {Lille, France},
  HAL_LOCAL_REFERENCE = {ACTI},
  YEAR = {2015},
  MONTH = Jul,
  HAL_VERSION = {v1},
  Keywords= {confnat}
}

@incollection{2014:11:lebre:hal-01067888,
  TITLE = {{Beyond The Clouds, How Should Next Generation Utility Computing Infrastructures Be Designed?}},
  AUTHOR = {L{\`e}bre, Adrien and Pastor, Jonathan and Bertier, Marin and Desprez, Fr{\'e}d{\'e}ric and Rouzaud-Cornabas, Jonathan and Tedeschi, C{\'e}dric and Orgerie, Anne-C{\'e}cile and Quesnel, Flavien and Fedak, Gilles},
  URL = {https://hal.inria.fr/hal-01067888},
  BOOKTITLE = {{Cloud Computing: Challenges, Limitations and R\&D Solutions}},
  EDITOR = {Mahmood, Zaigham},
  PUBLISHER = {{Springer}},
  YEAR = {2014},
  MONTH = Nov,
  KEYWORDS = {Cloud Computing ; Utility Computing ; Distributed Computing ; Internet Computing},
  HAL_ID = {hal-01067888},
  HAL_VERSION = {v1},
}

@inproceedings{2014:08:pastor:hal-00991530,
  TITLE = {{Locality-aware Cooperation for VM Scheduling in Distributed Clouds}},
  AUTHOR = {Pastor, Jonathan and Bertier, Marin and Desprez, Fr{\'e}d{\'e}ric and L{\`e}bre, Adrien and Quesnel, Flavien and Tedeschi, C{\'e}dric},
  URL = {https://hal.inria.fr/hal-00991530},
  BOOKTITLE = {{Euro-Par 2014}},
  ADDRESS = {Porto, Portugal},
  HAL_LOCAL_REFERENCE = {ACTI},
  YEAR = {2014},
  MONTH = Aug,
  HAL_ID = {hal-00991530},
  HAL_VERSION = {v1},
}

@inproceedings{2013:07:quesnel:hal-00817369,
  TITLE = {{Advanced Validation of the DVMS Approach to Fully Distributed VM Scheduling}},
  AUTHOR = {Quesnel, Flavien and L{\`e}bre, Adrien and Pastor, Jonathan and S{\"u}dholt, Mario and Balouek, Daniel},
  URL = {https://hal.inria.fr/hal-00817369},
  BOOKTITLE = {{ISPA' 13: The 11th IEEE International Symposium on Parallel and Distributed Processing with Applications}},
  ADDRESS = {Melbourne, Australia},
  YEAR = {2013},
  MONTH = Jul,
  KEYWORDS = {virtualization ; distributed infrastructures ; dy- namic scheduling ; multi-agent systems ; event-based systems ; cooperative systems ; autonomous systems ; scalability ; reactivity},
  HAL_ID = {hal-00817369},
  HAL_VERSION = {v1},
}

@techreport{2013:07:lebre:hal-00854204,
  TITLE = {{Beyond The Cloud, How Should Next Generation Utility Computing Infrastructures Be Designed?}},
  AUTHOR = {L{\`e}bre, Adrien and Pastor, Jonathan and Bertier, Marin and Desprez, Fr{\'e}d{\'e}ric and Rouzaud-Cornabas, Jonathan and Tedeschi, C{\'e}dric and Anedda, Paolo and Zanetti, Gianluigi and Nou, Ramon and Cortes, Toni and Rivi{\`e}re, Etienne and Ropars, Thomas},
  URL = {https://hal.inria.fr/hal-00854204},
  TYPE = {Research Report},
  NUMBER = {RR-8348},
  INSTITUTION = {{INRIA}},
  YEAR = {2013},
  MONTH = Jul,
  PDF = {https://hal.inria.fr/hal-00854204/file/RR-8348.pdf},
  HAL_ID = {hal-00854204},
  HAL_VERSION = {v1},
}

@inproceedings{pastor2018seduce,
  title={SeDuCe: Toward a testbed for research on thermal and power management in datacenters},
  author={Pastor, Jonathan and Menaud, Jean Marc},
  booktitle={E2DC 2018 - 7th International Workshop on Energy-Efficient Data Centres, Jun 2018, Karlsruhe, Germany},
  pages={513--518},
  year={2018}
}

@inproceedings{pastor2018seduceSoftCom,
  title={SeDuCe: a Testbed for Research on Thermal and Power Management in Datacenters},
  author={Pastor, Jonathan and Menaud, Jean Marc},
  booktitle={2018 26th International Conference on Software, Telecommunications and Computer Networks (SoftCOM)},
  pages={1--6},
  year={2018},
  organization={IEEE}
}

@inproceedings{pastor2018seduceGreen18,
  title={SeDuCe: a Testbed for Research on Thermal and Power Management in Datacenters},
  author={Pastor, Jonathan and Menaud, Jean Marc},
  booktitle={GREEN 2018 - Third International Conference on Green Communications, Computing and Technologies, Sep 2018, Venise, Italy. pp.1-6 },
  pages={1--6},
  year={2018},
  organization={IEEE}
}

@incollection{lebre2018putting,
  title={Putting the next 500 vm placement algorithms to the acid test: The infrastructure provider viewpoint},
  author={Lebre, Adrien and Pastor, Jonathan and Simonet, Anthony and S{\"u}dholt, Mario},
  journal={IEEE Transactions on Parallel and Distributed Systems},
  volume={30},
  number={1},
  pages={204--217},
  year={2018},
  publisher={IEEE}
}

