@book{testa,
    author = "The AuthorA",
    title = "The TitleA",
    year = "2012",
    publisher = "The PublisherA"
}
@book{testb,
    author = "The AuthorB",
    title = "The TitleB",
    year = "2012",
    publisher = "The PublisherB"
}
